<record><leader>00000cas a22000007a 4500</leader><controlfield tag="001">11694628</controlfield><controlfield tag="008">850214d18811910wiuwr ne      0    0eng d</controlfield><datafield ind1=" " ind2=" " tag="010"><subfield code="a">sn 85040154 </subfield></datafield><datafield ind1=" " ind2=" " tag="040"><subfield code="a">NPV</subfield><subfield code="b">eng</subfield><subfield code="c">NPV</subfield><subfield code="d">OCLCQ</subfield></datafield><datafield ind1=" " ind2=" " tag="042"><subfield code="a">msc</subfield></datafield><datafield ind1="0" ind2="4" tag="245"><subfield code="a">The Shell Lake watchman.</subfield></datafield><datafield ind1="1" ind2="7" tag="246"><subfield code="a">Watchman</subfield></datafield><datafield ind1=" " ind2=" " tag="260"><subfield code="a">Shell Lake, Washburn Co., Wis. :</subfield><subfield code="b">G.L. &amp; J.E. Jones,</subfield><subfield code="c">-1910.</subfield></datafield><datafield ind1=" " ind2=" " tag="300"><subfield code="a">v.</subfield></datafield><datafield ind1=" " ind2=" " tag="310"><subfield code="a">Weekly</subfield></datafield><datafield ind1="0" ind2=" " tag="362"><subfield code="a">-v. 28, no. 47 (July 21, 1910).</subfield></datafield><datafield ind1="1" ind2=" " tag="362"><subfield code="a">Began in June 1881.</subfield><subfield code="z">Cf. Oehlerts, d. Guide to Wis. newspapers.</subfield></datafield><datafield ind1=" " ind2=" " tag="500"><subfield code="a">Publisher varies.</subfield></datafield><datafield ind1=" " ind2=" " tag="588"><subfield code="a">Description based on: Vol. 9, no. 35 (Mar. 5, 1891).</subfield></datafield><datafield ind1=" " ind2=" " tag="752"><subfield code="a">United States</subfield><subfield code="b">Wisconsin</subfield><subfield code="c">Washburn</subfield><subfield code="d">Shell Lake.</subfield></datafield><datafield ind1="0" ind2="7" tag="785"><subfield code="t">Washburn County register (Shell Lake, Wis. : 1889)</subfield><subfield code="w">(DLC)sn 87082444</subfield></datafield><datafield ind1="0" ind2="7" tag="785"><subfield code="t">Washburn County register and Shell Lake watchman</subfield><subfield code="w">(DLC)   87082445</subfield></datafield></record>